@article{KupfermanPitermanVardi09,
  author    = {Orna Kupferman and Nir Piterman and Moshe Y. Vardi},
  title     = {From liveness to promptness},
  journal   = {Formal Methods in System Design},
  volume    = {34},
  number    = {2},
  pages     = {83--103},
  year      = {2009},
  url       = {https://doi.org/10.1007/s10703-009-0067-z},
  doi       = {10.1007/s10703-009-0067-z},
  timestamp = {Mon, 06 Nov 2017 12:13:44 +0100},
  biburl    = {https://dblp.org/rec/bib/journals/fmsd/KupfermanPV09},
  bibsource = {dblp computer science bibliography, https://dblp.org}
}

@article{GaleStewart53,
  title     = {Infinite games with perfect information},
  author    = {David Gale and Frank M. Stewart},
  journal   = {{Contributions to the Theory of Games}},
  volume    = {2},
  pages     = {245--266},
  publisher = {Princeton University Press},
  year      = {1953}
}

@article{BouyerMarkeyRandourLarsenLaursen18,
  author    = {Patricia Bouyer and Nicolas Markey and Mickael Randour and Kim G. Larsen and Simon Laursen},
  title     = {Average-energy games},
  journal   = {Acta Informatica},
  volume    = {55},
  number    = {2},
  pages     = {91--127},
  year      = {2018},
  url       = {https://doi.org/10.1007/s00236-016-0274-1},
  doi       = {10.1007/s00236-016-0274-1},
  timestamp = {Tue, 27 Feb 2018 16:45:53 +0100},
  biburl    = {https://dblp.org/rec/bib/journals/acta/BouyerMRLL18},
  bibsource = {dblp computer science bibliography, https://dblp.org}
}

@article{FijalkowZimmermann14,
  author    = {Nathana{\"{e}}l Fijalkow and Martin Zimmermann},
  title     = {Parity and Streett Games with Costs},
  journal   = {Logical Methods in Computer Science},
  volume    = {10},
  number    = {2},
  year      = {2014},
  url       = {https://doi.org/10.2168/LMCS-10(2:14)2014},
  doi       = {10.2168/LMCS-10(2:14)2014},
  timestamp = {Wed, 03 May 2017 14:47:55 +0200},
  biburl    = {https://dblp.org/rec/bib/journals/corr/abs-1207-0663},
  bibsource = {dblp computer science bibliography, https://dblp.org}
}

@inproceedings{DeGiacomoVardi13,
  author    = {Giuseppe {De Giacomo} and Moshe Y. Vardi},
  title     = {Linear Temporal Logic and Linear Dynamic Logic on Finite Traces},
  pages     = {854--860},
  year      = {2013},
  crossref  = {conf:ijcai/13},
  url       = {http://www.aaai.org/ocs/index.php/IJCAI/IJCAI13/paper/view/6997},
  timestamp = {Wed, 20 Jul 2016 15:16:56 +0200},
  biburl    = {https://dblp.org/rec/bib/conf/ijcai/GiacomoV13},
  bibsource = {dblp computer science bibliography, https://dblp.org}
}
@proceedings{conf:ijcai/13,
  editor    = {Francesca Rossi},
  booktitle = {{IJCAI} 2013},
  publisher = {{IJCAI/AAAI}},
  year      = {2013},
  url       = {http://ijcai.org/proceedings/2013},
  isbn      = {978-1-57735-633-2},
  timestamp = {Wed, 20 Jul 2016 15:16:56 +0200},
  biburl    = {https://dblp.org/rec/bib/conf/ijcai/2013},
  bibsource = {dblp computer science bibliography, https://dblp.org}
}

@article{NeiderWeinertZimmermann18b,
  author    = {Daniel Neider and Alexander Weinert and Martin Zimmermann},
  title     = {Robust, Expressive, and Quantitative Linear Temporal Logics},
  journal   = {arXiv},
  year      = {2018},
  note      = {Available at \url{http://arxiv.org/abs/1808.09028}},
  timestamp = {Mon, 03 Sep 2018 13:36:40 +0200},
  biburl    = {https://dblp.org/rec/bib/journals/corr/abs-1808-09028},
  bibsource = {dblp computer science bibliography, https://dblp.org}
}

@inproceedings{BacciBouyerFahrenbergLarsenMarkeyReynier18,
  author    = {Giovanni Bacci and Patricia Bouyer and Uli Fahrenberg and Kim Guldstrand Larsen and Nicolas Markey and Pierre{-}Alain Reynier},
  title     = {Optimal and Robust Controller Synthesis - Using Energy Timed Automata with Uncertainty},
  editor    = {Klaus Havelund and Jan Peleska and Bill Roscoe and Erik P. de Vink},
  booktitle = {FM 2018},
  series    = {LNCS},
  volume    = {10951},
  publisher = {Springer},
  pages     = {203--221},
  year      = {2018},
  url       = {https://doi.org/10.1007/978-3-319-95582-7\_12},
  doi       = {10.1007/978-3-319-95582-7\_12},
  timestamp = {Thu, 12 Jul 2018 13:23:43 +0200},
  biburl    = {https://dblp.org/rec/bib/conf/fm/0001BFLMR18},
  bibsource = {dblp computer science bibliography, https://dblp.org}
}

@article{BrenguierRaskinSankur17,
  author    = {Romain Brenguier and Jean{-}Fran{\c{c}}ois Raskin and Ocan Sankur},
  title     = {Assume-admissible synthesis},
  journal   = {Acta Informatica},
  volume    = {54},
  number    = {1},
  pages     = {41--83},
  year      = {2017},
  doi       = {10.1007/s00236-016-0273-2},
}

@article{ChatterjeeHenzingerHorn09,
  author    = {Krishnendu Chatterjee and Thomas A. Henzinger and Florian Horn},
  title     = {Finitary winning in omega-regular games},
  journal   = {{ACM} Transactions on Computional Logic},
  volume    = {11},
  number    = {1},
  pages     = {1:1--1:27},
  year      = {2009},
  url       = {http://doi.acm.org/10.1145/1614431.1614432},
  doi       = {10.1145/1614431.1614432},
  timestamp = {Mon, 09 Jan 2017 14:08:26 +0100},
  biburl    = {https://dblp.org/rec/bib/journals/tocl/ChatterjeeHH09},
  bibsource = {dblp computer science bibliography, https://dblp.org}
}

@article{JurdzinskiSprostonLaroussinie08,
  author    = {Marcin Jurdzi{\`n}ski and Fran{\c{c}}ois Laroussinie and Jeremy Sproston},
  title     = {Model Checking Probabilistic Timed Automata with One or Two Clocks},
  journal   = {Logical Methods in Computer Science},
  volume    = {4},
  number    = {3},
  year      = {2008},
  url       = {https://doi.org/10.2168/LMCS-4(3:12)2008},
  doi       = {10.2168/LMCS-4(3:12)2008},
  timestamp = {Sat, 20 May 2017 00:22:52 +0200},
  biburl    = {https://dblp.org/rec/bib/journals/lmcs/JurdzinskiSL08},
  bibsource = {dblp computer science bibliography, https://dblp.org}
}

@article{WeinertZimmermann17,
  author    = {Alexander Weinert and Martin Zimmermann},
  title     = {Easy to Win, Hard to Master: Optimal Strategies in Parity Games with Costs},
  journal   = {Logical Methods in Computer Science},
  volume    = {13},
  number    = {3},
  year      = {2017},
  url       = {https://doi.org/10.23638/LMCS-13(3:29)2017},
  doi       = {10.23638/LMCS-13(3:29)2017},
  timestamp = {Mon, 22 Jan 2018 15:51:01 +0100},
  biburl    = {https://dblp.org/rec/bib/journals/lmcs/Weinert017},
  bibsource = {dblp computer science bibliography, https://dblp.org}
}

@inproceedings{ScheweWeinertZimmermann18,
  author    = {Sven Schewe and Alexander Weinert and Martin Zimmermann},
  title     = {Parity Games with Weights},
  editor    = {Dan Ghika and Achim Jung},
  booktitle = {CSL 2018},
  publisher = {{Schloss Dagstuhl - LZI}},
  year      = {2018}
}
@inproceedings{NeiderWeinertZimmermann18,
  author    = {Daniel Neider and Alexander Weinert and Martin Zimmermann},
  title     = {Synthesizing Optimally Resilient Controllers},
  editor    = {Dan Ghika and Achim Jung},
  booktitle = {CSL 2018},
  publisher = {{Schloss Dagstuhl - LZI}},
  year      = {2018}
}

@inproceedings{Zermelo13,
  author    = {Ernst Zermelo},
  title     = {{\"U}ber eine {A}nwendung der {M}engenlehre auf die {T}heorie des {S}chachspiels},
  booktitle = {Proc. Fifth Congress of Mathematicians, Vol. 2},
  publisher = {Cambridge Press},
  year      = {1913},
  pages     = {501--504}
}

@article{Martin75,
  ISSN      = {0003486X},
  URL       = {http://www.jstor.org/stable/1971035},
  author    = {Donald A. Martin},
  journal   = {Annals of Mathematics},
  number    = {2},
  pages     = {363--371},
  publisher = {Annals of Mathematics},
  title     = {Borel Determinacy},
  volume    = {102},
  year      = {1975}
}

@article{ChatterjeeDoyen12,
  author    = {Krishnendu Chatterjee and Laurent Doyen},
  title     = {Energy parity games},
  journal   = {Theoretical Computer Science},
  volume    = {458},
  pages     = {49--60},
  year      = {2012},
  url       = {https://doi.org/10.1016/j.tcs.2012.07.038},
  doi       = {10.1016/j.tcs.2012.07.038},
  timestamp = {Sun, 28 May 2017 13:19:59 +0200},
  biburl    = {https://dblp.org/rec/bib/journals/tcs/ChatterjeeD12},
  bibsource = {dblp computer science bibliography, https://dblp.org}
}

@article{NerodeRemmelYakhnis96,
  author    = {Anil Nerode and Jeffrey B. Remmel and Alexander Yakhnis},
  title     = {McNaughton Games and Extracting Strategies for Concurrent Programs},
  journal   = {Annals of Pure and Applied Logic},
  volume    = {78},
  number    = {1-3},
  pages     = {203--242},
  year      = {1996},
  url       = {https://doi.org/10.1016/0168-0072(95)00032-1},
  doi       = {10.1016/0168-0072(95)00032-1},
  timestamp = {Wed, 17 May 2017 14:25:58 +0200},
  biburl    = {https://dblp.org/rec/bib/journals/apal/NerodeRY96},
  bibsource = {dblp computer science bibliography, https://dblp.org}
}

@inproceedings{CaludeJainKhoussainovLiStephan17,
  author    = {Cristian S. Calude and Sanjay Jain and Bakhadyr Khoussainov and Wei Li and Frank Stephan},
  title     = {Deciding parity games in quasipolynomial time},
  pages     = {252--263},
  year      = {2017},
  crossref  = {conf:stoc/2017},
  doi       = {10.1145/3055399.3055409}
}
@proceedings{conf:stoc/2017,
  editor    = {Hamed Hatami and Pierre McKenzie and Valerie King},
  booktitle = {STOC 2017},
  publisher = {{ACM}},
  year      = {2017},
  doi       = {10.1145/3055399}
}

@article{ChandraKozenStockmeyer81,
  author    = {Ashok K. Chandra and Dexter Kozen and Larry J. Stockmeyer},
  title     = {Alternation},
  journal   = {Journal of the {ACM}},
  volume    = {28},
  number    = {1},
  pages     = {114--133},
  year      = {1981},
  url       = {http://doi.acm.org/10.1145/322234.322243},
  doi       = {10.1145/322234.322243},
  timestamp = {Thu, 26 Jan 2012 17:31:32 +0100},
  biburl    = {https://dblp.org/rec/bib/journals/jacm/ChandraKS81},
  bibsource = {dblp computer science bibliography, https://dblp.org}
}

@inproceedings{StockmeyerMeyer73,
  author    = {Larry J. Stockmeyer and Albert R. Meyer},
  title     = {Word Problems Requiring Exponential Time: Preliminary Report},
  pages     = {1--9},
  year      = {1973},
  crossref  = {conf:stock/1973},
  doi       = {10.1145/800125.804029},
  timestamp = {Mon, 17 Oct 2011 17:25:06 +0200},
  biburl    = {https://dblp.org/rec/bib/conf/stoc/StockmeyerM73},
  bibsource = {dblp computer science bibliography, https://dblp.org}
}
@proceedings{conf:stock/1973,
  editor    = {Alfred V. Aho and Allan Borodin and Robert L. Constable and Robert W. Floyd and Michael A. Harrison and Richard M. Karp and H. Raymond Strong},
  booktitle = {STOC 1973},
  publisher = {{ACM}},
  year      = {1973},
  timestamp = {Mon, 17 Oct 2011 15:55:10 +0200},
  biburl    = {https://dblp.org/rec/bib/conf/stoc/STOC5},
  bibsource = {dblp computer science bibliography, https://dblp.org}
}

@inproceedings{ChatterjeeFijalkow13,
  author    = {Krishnendu Chatterjee and Nathana{\"{e}}l Fijalkow},
  title     = {Infinite-state games with finitary conditions},
  pages     = {181--196},
  year      = {2013},
  crossref  = {conf:csl/2013},
  doi       = {10.4230/LIPIcs.CSL.2013.181},
  timestamp = {Wed, 24 May 2017 08:29:27 +0200},
  biburl    = {https://dblp.org/rec/bib/conf/csl/ChatterjeeF13},
  bibsource = {dblp computer science bibliography, https://dblp.org}
}
@proceedings{conf:csl/2013,
  editor    = {Simona Ronchi Della Rocca},
  booktitle = {CSL 2013},
  series    = {LIPIcs},
  volume    = {23},
  publisher = {Schloss Dagstuhl - LZI},
  year      = {2013},
  isbn      = {978-3-939897-60-6},
  timestamp = {Wed, 04 Sep 2013 20:26:36 +0200},
  biburl    = {https://dblp.org/rec/bib/conf/csl/2013},
  bibsource = {dblp computer science bibliography, https://dblp.org}
}

@inproceedings{BruyereHautemRandour16,
  author    = {V{\'{e}}ronique Bruy{\`{e}}re and Quentin Hautem and Mickael Randour},
  title     = {Window parity games: an alternative approach toward parity games with time bounds},
  pages     = {135--148},
  year      = {2016},
  crossref  = {conf:gandalf/2016},
  url       = {https://doi.org/10.4204/EPTCS.226.10},
  doi       = {10.4204/EPTCS.226.10},
  timestamp = {Wed, 03 May 2017 14:47:56 +0200},
  biburl    = {https://dblp.org/rec/bib/journals/corr/BruyereHR16},
  bibsource = {dblp computer science bibliography, https://dblp.org}
}

@proceedings{conf:gandalf/2016,
  editor    = {Domenico Cantone and Giorgio Delzanno},
  booktitle = {GandALF 2016},
  series    = {{EPTCS}},
  volume    = {226},
  year      = {2016},
  url       = {https://doi.org/10.4204/EPTCS.226},
  doi       = {10.4204/EPTCS.226},
  timestamp = {Wed, 03 May 2017 14:47:56 +0200},
  biburl    = {https://dblp.org/rec/bib/journals/corr/CantoneD16},
  bibsource = {dblp computer science bibliography, https://dblp.org}
}

@inproceedings{EmersonJutla91,
  author    = {Ernest Allen Emerson and Charanjit S. Jutla},
  title     = {Tree Automata, Mu-Calculus and Determinacy (Extended Abstract)},
  pages     = {368--377},
  year      = {1991},
  crossref  = {conf:focs/1991},
  url       = {https://doi.org/10.1109/SFCS.1991.185392},
  doi       = {10.1109/SFCS.1991.185392},
  timestamp = {Fri, 19 May 2017 01:25:58 +0200},
  biburl    = {https://dblp.org/rec/bib/conf/focs/EmersonJ91},
  bibsource = {dblp computer science bibliography, https://dblp.org}
}
@proceedings{conf:focs/1991,
  booktitle = {FOCS 1991},
  publisher = {{IEEE} Computer Society},
  year      = {1991},
  isbn      = {0-8186-2445-0},
  timestamp = {Mon, 15 Dec 2014 18:48:44 +0100},
  biburl    = {https://dblp.org/rec/bib/conf/focs/FOCS32},
  bibsource = {dblp computer science bibliography, https://dblp.org}
}

@techreport{Mostowski91,
	title       = {Games with forbidden Positions},
	author      = {Andrzej Wlodzimierz Mostowski},
	institution = {Instytut Matematyki, Uniwersytet Gda{\'n}ski},
	year        = {1991}
}

@proceedings{conf:dagstuhl/2001,
  editor    = {Erich Gr{\"{a}}del and Wolfgang Thomas and Thomas Wilke},
  title     = {Automata, Logics, and Infinite Games: {A} Guide to Current Research},
  series    = {LNCS},
  volume    = {2500},
  publisher = {Springer},
  year      = {2002},
  url       = {https://doi.org/10.1007/3-540-36387-4},
  doi       = {10.1007/3-540-36387-4},
  isbn      = {3-540-00388-6},
  timestamp = {Mon, 29 May 2017 16:53:44 +0200},
  biburl    = {https://dblp.org/rec/bib/conf/dagstuhl/2001automata},
  bibsource = {dblp computer science bibliography, https://dblp.org}
}

@article{Jurdzinski98,
  author    = {Marcin Jurdzi{\'n}ski},
  title     = {Deciding the Winner in Parity Games is in {UP}$\cap$co-{UP}},
  journal   = {Information Processing Letters},
  volume    = {68},
  number    = {3},
  pages     = {119--124},
  year      = {1998},
  url       = {https://doi.org/10.1016/S0020-0190(98)00150-1},
  doi       = {10.1016/S0020-0190(98)00150-1},
  timestamp = {Fri, 26 May 2017 22:54:40 +0200},
  biburl    = {https://dblp.org/rec/bib/journals/ipl/Jurdzinski98},
  bibsource = {dblp computer science bibliography, https://dblp.org}
}

@article{Zielonka98,
  author    = {Wieslaw Zie{\l}onka},
  title     = {Infinite Games on Finitely Coloured Graphs with Applications to Automata on Infinite Trees},
  journal   = {Theoretical Computer Science},
  volume    = {200},
  number    = {1-2},
  pages     = {135--183},
  year      = {1998},
  url       = {https://doi.org/10.1016/S0304-3975(98)00009-7},
  doi       = {10.1016/S0304-3975(98)00009-7},
  timestamp = {Sun, 28 May 2017 13:20:07 +0200},
  biburl    = {https://dblp.org/rec/bib/journals/tcs/Zielonka98},
  bibsource = {dblp computer science bibliography, https://dblp.org}
}

@article{MogaveroMuranoSorrentino15,
  author    = {Fabio Mogavero and Aniello Murano and Loredana Sorrentino},
  title     = {On Promptness in Parity Games},
  journal   = {Fundamenta Informaticae},
  volume    = {139},
  number    = {3},
  pages     = {277--305},
  year      = {2015},
  url       = {https://doi.org/10.3233/FI-2015-1235},
  doi       = {10.3233/FI-2015-1235},
  timestamp = {Sat, 20 May 2017 00:23:06 +0200},
  biburl    = {https://dblp.org/rec/bib/journals/fuin/MogaveroMS15},
  bibsource = {dblp computer science bibliography, https://dblp.org}
}

@inproceedings{DaviaudJurdzinskiLazic18,
  author    = {Laure Daviaud and Marcin Jurdzi{\'n}ski and Ranko Lazi{\'c}},
  title     = {A pseudo-quasi-polynomial algorithm for mean-payoff parity games},
  pages     = {325--334},
  year      = {2018},
  editor    = {Anuj Dawar and Erich Gr{\"{a}}del},
  booktitle = {LICS 2018},
  publisher = {{ACM}},
  url       = {http://doi.acm.org/10.1145/3209108.3209162},
  doi       = {10.1145/3209108.3209162},
  timestamp = {Mon, 02 Jul 2018 09:14:01 +0200},
  biburl    = {https://dblp.org/rec/bib/conf/lics/DaviaudJL18},
  bibsource = {dblp computer science bibliography, https://dblp.org}
}

@book{Papadimitriou94,
  author    = {Christos H. Papadimitriou},
  title     = {Computational complexity},
  publisher = {Addison-Wesley},
  year      = {1994},
  isbn      = {978-0-201-53082-7},
  timestamp = {Fri, 08 Apr 2011 18:21:01 +0200},
  biburl    = {https://dblp.org/rec/bib/books/daglib/0072413},
  bibsource = {dblp computer science bibliography, https://dblp.org}
}

@article{CzerwinskiDaviaudFijalkowJudrzindskiLazicParys18,
  author    = {Wojciech Czerwi{\'n}ski and Laure Daviaud and Nathana{\"e}l Fijalkow and Marcin Jurdzi{\'n}ski and Ranko Lazi{\'c} and Pawe{\l} Parys},
  title     = {Universal trees grow inside separating automata: Quasi-polynomial lower bounds for parity games},
  journal   = {arXiv},
  volume    = {abs/1807.10546},
  year      = {2018},
  note       = {Available at \url{http://arxiv.org/abs/1807.10546}},
  archivePrefix = {arXiv},
  eprint    = {1807.10546}
}

@inproceedings{JurdzinskiLazic17,
  author    = {Marcin Jurdzi{\'n}ski and
               Ranko Lazi{\'c}},
  title     = {Succinct progress measures for solving parity games},
  booktitle = {LICS 2017},
  pages     = {1--9},
  year      = {2017},
  crossref  = {conf:lics/2017},
  url       = {https://doi.org/10.1109/LICS.2017.8005092},
  doi       = {10.1109/LICS.2017.8005092},
  timestamp = {Thu, 07 Sep 2017 09:27:11 +0200},
  biburl    = {https://dblp.org/rec/bib/conf/lics/JurdzinskiL17},
  bibsource = {dblp computer science bibliography, https://dblp.org}
}
@proceedings{conf:lics/2017,
  title     = {LICS 2017},
  publisher = {{IEEE} Computer Society},
  year      = {2017},
  url       = {http://ieeexplore.ieee.org/xpl/mostRecentIssue.jsp?punumber=7999337},
  isbn      = {978-1-5090-3018-7},
  timestamp = {Tue, 15 Aug 2017 20:32:42 +0200},
  biburl    = {https://dblp.org/rec/bib/conf/lics/2017},
  bibsource = {dblp computer science bibliography, https://dblp.org}
}

@inproceedings{FearnleyJainScheweStephanWojtczak17,
  author    = {John Fearnley and Sanjay Jain and Sven Schewe and Frank Stephan and Dominik Wojtczak},
  title     = {An ordered approach to solving parity games in quasi polynomial time
               and quasi linear space},
  booktitle = {SPIN 2017},
  pages     = {112--121},
  year      = {2017},
  crossref  = {conf:spin/2017},
  url       = {http://doi.acm.org/10.1145/3092282.3092286},
  doi       = {10.1145/3092282.3092286},
  timestamp = {Wed, 16 May 2018 06:34:29 +0200},
  biburl    = {https://dblp.org/rec/bib/conf/spin/FearnleyJS0W17},
  bibsource = {dblp computer science bibliography, https://dblp.org}
}
@proceedings{conf:spin/2017,
  editor    = {Hakan Erdogmus and Klaus Havelund},
  title     = {SPIN 2017},
  publisher = {{ACM}},
  year      = {2017},
  url       = {http://dl.acm.org/citation.cfm?id=3092282},
  isbn      = {978-1-4503-5077-8},
  timestamp = {Wed, 16 Aug 2017 09:59:03 +0200},
  biburl    = {https://dblp.org/rec/bib/conf/spin/2017},
  bibsource = {dblp computer science bibliography, https://dblp.org}
}

@inproceedings{Lehtinen18,
  author    = {Karoliina Lehtinen},
  title     = {A modal {\(\mu\)} perspective on solving parity games in quasi-polynomial
               time},
  booktitle = {LICS 2018},
  pages     = {639--648},
  editor    = {Anuj Dawar and Erich Gr{\"{a}}del},
  publisher = {{ACM}},
  year      = {2018},
  url       = {http://doi.acm.org/10.1145/3209108.3209115},
  doi       = {10.1145/3209108.3209115},
  timestamp = {Mon, 02 Jul 2018 09:14:01 +0200},
  biburl    = {https://dblp.org/rec/bib/conf/lics/Lehtinen18},
  bibsource = {dblp computer science bibliography, https://dblp.org}
}

@inproceedings{Friedmann09,
  author    = {Oliver Friedmann},
  title     = {An Exponential Lower Bound for the Parity Game Strategy Improvement
               Algorithm as We Know it},
  booktitle = {LICS 2009},
  pages     = {145--156},
  year      = {2009},
  crossref  = {conf:lics/2009},
  url       = {https://doi.org/10.1109/LICS.2009.27},
  doi       = {10.1109/LICS.2009.27},
  timestamp = {Thu, 25 May 2017 00:42:41 +0200},
  biburl    = {https://dblp.org/rec/bib/conf/lics/Friedmann09},
  bibsource = {dblp computer science bibliography, https://dblp.org}
}
@proceedings{conf:lics/2009,
  title     = {LICS 2009},
  publisher = {{IEEE} Computer Society},
  year      = {2009},
  url       = {http://ieeexplore.ieee.org/xpl/mostRecentIssue.jsp?punumber=5230546},
  isbn      = {978-0-7695-3746-7},
  timestamp = {Fri, 21 Nov 2014 14:08:56 +0100},
  biburl    = {https://dblp.org/rec/bib/conf/lics/2009},
  bibsource = {dblp computer science bibliography, https://dblp.org}
}

@inproceedings{EmersonJutlaSistla93,
  author    = {E. Allen Emerson and Charanjit S. Jutla and A. Prasad Sistla},
  title     = {On Model-Checking for Fragments of {$\mu$}-Calculus},
  booktitle = {CAV 1993},
  pages     = {385--396},
  year      = {1993},
  crossref  = {conf:cav/1993},
  url       = {https://doi.org/10.1007/3-540-56922-7\_32},
  doi       = {10.1007/3-540-56922-7\_32},
  timestamp = {Sat, 20 May 2017 15:32:45 +0200},
  biburl    = {https://dblp.org/rec/bib/conf/cav/EmersonJS93},
  bibsource = {dblp computer science bibliography, https://dblp.org}
}
@proceedings{conf:cav/1993,
  editor    = {Costas Courcoubetis},
  title     = {CAV 1993},
  series    = {LNCS},
  volume    = {697},
  publisher = {Springer},
  year      = {1993},
  url       = {https://doi.org/10.1007/3-540-56922-7},
  doi       = {10.1007/3-540-56922-7},
  isbn      = {3-540-56922-7},
  timestamp = {Sat, 20 May 2017 15:32:45 +0200},
  biburl    = {https://dblp.org/rec/bib/conf/cav/1993},
  bibsource = {dblp computer science bibliography, https://dblp.org}
}

@inproceedings{ChatterjeeHenzingerJurdzinski05,
  author    = {Krishnendu Chatterjee and Thomas A. Henzinger and Marcin Jurdzi{\'n}ski},
  title     = {Mean-Payoff Parity Games},
  booktitle = {LICS 2005},
  pages     = {178--187},
  year      = {2005},
  publisher = {{IEEE} Computer Society},
  url       = {https://doi.org/10.1109/LICS.2005.26},
  doi       = {10.1109/LICS.2005.26},
  timestamp = {Thu, 25 May 2017 00:42:41 +0200},
  biburl    = {https://dblp.org/rec/bib/conf/lics/ChatterjeeHJ05},
  bibsource = {dblp computer science bibliography, https://dblp.org}
}

@article{BuchiLandweber69,
  title     = {Solving sequential conditions by finite-state strategies},
  author    = {J. Richard B{\"u}chi and Lawrence H. Landweber},
  journal   = {Transactions of the American Mathematical Society},
  volume    = {138},
  pages     = {295--311},
  year      = {1969},
  publisher = {JSTOR}
}

@article{Church57,
  title     = {Applications of Recursive Arithmetic to the Problem of Circuit Synthesis--Summaries of talks},
  author    = {Alonzo Church},
  journal   = {Institute for Symbolic Logic, Cornell University},
  year      = {1957}
}

@inproceedings{DallalNeiderTabuada16,
  author    = {Eric Dallal and Daniel Neider and Paulo Tabuada},
  title     = {Synthesis of safety controllers robust to unmodeled intermittent disturbances},
  pages     = {7425--7430},
  year      = {2016},
  booktitle = {CDC 2016},
  publisher = {{IEEE}},
  url       = {https://doi.org/10.1109/CDC.2016.7799416},
  doi       = {10.1109/CDC.2016.7799416},
  timestamp = {Fri, 19 May 2017 01:26:19 +0200},
  biburl    = {https://dblp.org/rec/bib/conf/cdc/DallalNT16},
  bibsource = {dblp computer science bibliography, https://dblp.org}
}

@inproceedings{ChatterjeeHenzinger06,
  author    = {Krishnendu Chatterjee and Thomas A. Henzinger},
  title     = {Finitary Winning in omega-Regular Games},
  booktitle = {TACAS 2006},
  pages     = {257--271},
  year      = {2006},
  crossref  = {conf:tacas/2006},
  doi       = {10.1007/11691372\_17}
}
@proceedings{conf:tacas/2006,
  editor    = {Holger Hermanns and Jens Palsberg},
  title     = {TACAS 2006},
  series    = {LNCS},
  volume    = {3920},
  publisher = {Springer},
  year      = {2006},
  doi       = {10.1007/11691372}
}

@article{Turing37,
  title     = {{On computable numbers, with an application to the Entscheidungsproblem}},
  author    = {Alan M. Turing},
  journal   = {Proceedings of the London mathematical society},
  volume    = {2},
  number    = {1},
  pages     = {230--265},
  year      = {1937},
  publisher = {Wiley Online Library}
}

@book{HopcroftMotwaniUllman01,
  author    = {John E. Hopcroft and Rajeev Motwani and Jeffrey D. Ullman},
  title     = {{Introduction to Automata Theory, Languages, and Computation}},
  publisher = {Addison-Wesley},
  year      = {2001},
  isbn      = {978-0-201-44124-6}
}

@article{EhrenfeuchtMycielski79,
	author    = {Andrzej Ehrenfeucht and Jan Mycielski},
	title     = {Positional strategies for mean payoff games},
	year      = {1979},
	journal   = {International Journal of Game Theory},
	volume    = {8},
	issue     = {2},
	pages     = {109-113},
	publisher = {Physica-Verlag},
}

@inproceedings{ZwickPaterson95,
  author    = {Uri Zwick and Mike Paterson},
  title     = {The Complexity of Mean Payoff Games},
  booktitle = {COCOON 1995},
  pages     = {1--10},
  year      = {1995},
  editor    = {Ding{-}Zhu Du and Ming Li},
  series    = {LNCS},
  volume    = {959},
  publisher = {Springer},
  url       = {https://doi.org/10.1007/BFb0030814},
  doi       = {10.1007/BFb0030814}
}

@inproceedings{ChakrabartiAlfaroHenzingerStoelinga03,
  author    = {Arindam Chakrabarti and Luca de Alfaro and Thomas A. Henzinger and Mari{\"{e}}lle Stoelinga},
  title     = {Resource Interfaces},
  booktitle = {EMSOFT 2003},
  pages     = {117--133},
  editor    = {Rajeev Alur and Insup Lee},
  series    = {LNCS},
  volume    = {2855},
  publisher = {Springer},
  year      = {2003},
  doi       = {10.1007/978-3-540-45212-6\_9}
}

@inproceedings{BouyerFahrenbergLarsenMarkeySrba08,
  author    = {Patricia Bouyer and Ulrich Fahrenberg and Kim Guldstrand Larsen and Nicolas Markey and Jir{\'{\i}} Srba},
  title     = {Infinite Runs in Weighted Timed Automata with Energy Constraints},
  pages     = {33--47},
  year      = {2008},
  editor    = {Franck Cassez and Claude Jard},
  booktitle = {FORMATS 2008},
  series    = {LNCS},
  volume    = {5215},
  publisher = {Springer},
  doi       = {10.1007/978-3-540-85778-5\_4}
}

@article{BrimChaloupkaDoyenGentiliniRaskin11,
  author    = {Lubos Brim and Jakub Chaloupka and Laurent Doyen and Raffaella Gentilini and Jean-Fran\c{c}ois Raskin},
  title     = {Faster algorithms for mean-payoff games},
  journal   = {Formal Methods in System Design},
  volume    = {38},
  number    = {2},
  year      = {2011},
  pages     = {97-118},
  doi       = {10.1007/s10703-010-0105-x},
}

@inproceedings{TopcuOzayLuiMurray12,
  author    = {Ufuk Topcu and Necmiye Ozay and Jun Liu and Richard M. Murray},
  title     = {On synthesizing robust discrete controllers under modeling uncertainty},
  doi       = {10.1145/2185632.2185648},
  booktitle = {HSCC 2012},
  pages     = {85--94},
  year      = {2012},
  editor    = {Thao Dang and Ian M. Mitchell},
  publisher = {{ACM}},
  isbn      = {978-1-4503-1220-2}
}

@inproceedings{EhlersTopcu14,
  author    = {R{\"{u}}diger Ehlers and Ufuk Topcu},
  title     = {Resilience to intermittent assumption violations in reactive synthesis},
  doi       = {10.1145/2562059.2562128},
  booktitle = {HSCC 2014},
  pages     = {203--212},
  year      = {2014},
  editor    = {Martin Fr{\"{a}}nzle and John Lygeros},
  publisher = {{ACM}}
}

@article{HuangPeledScheweWang16,
  author    = {Chung{-}Hao Huang and Doron A. Peled and Sven Schewe and Farn Wang},
  title     = {A Game-Theoretic Foundation for the Maximum Software Resilience against Dense Errors},
  journal   = {{IEEE} Transactions on Software Engineering},
  doi       = {10.1109/TSE.2015.2510001},
  volume    = {42},
  number    = {7},
  pages     = {605--622},
  year      = {2016},
}

@inproceedings{BloemEhlersJacobsKonighofer14,
  author    = {Roderick Bloem and R{\"{u}}diger Ehlers and Swen Jacobs and Robert K{\"{o}}nighofer},
  title     = {How to Handle Assumptions in Synthesis},
  doi       = {10.4204/EPTCS.157.7},
  booktitle = {SYNT 2014},
  pages     = {34--50},
  year      = {2014},
  editor    = {Krishnendu Chatterjee and R{\"{u}}diger Ehlers and Susmit Jha},
  series    = {{EPTCS}},
  volume    = {157},
}

@article{AttieAroraEmerson04,
  author    = {Paul C. Attie and Anish Arora and E. Allen Emerson},
  title     = {Synthesis of fault-tolerant concurrent programs},
  doi       = {10.1145/963778.963782},
  journal   = {{ACM Transactions on Programming Languages and Systems}},
  volume    = {26},
  number    = {1},
  pages     = {125--185},
  year      = {2004}
}

@inproceedings{BrihayeGeeraertsHaddadMonmegePerezRenault15,
  author    = {Thomas Brihaye and Gilles Geeraerts and Axel Haddad and Benjamin Monmege and Guillermo A. P{\'{e}}rez and Gabriel Renault},
  title     = {Quantitative Games under Failures},
  doi       = {10.4230/LIPIcs.FSTTCS.2015.293},
  booktitle = {{FSTTCS 2015}},
  pages     = {293--306},
  year      = {2015},
  series    = {LIPIcs},
  volume    = {45},
  publisher = {Schloss Dagstuhl - LZI},
}

@article{EbnenasirKulkarniArora08,
  author    = {Ali Ebnenasir and Sandeep S. Kulkarni and Anish Arora},
  title     = {{FTSyn}: a framework for automatic synthesis of fault-tolerance},
  doi       = {10.1007/s10009-008-0083-0},
  journal   = {{International Journal on Software Tools for Technology Transfer}},
  volume    = {10},
  number    = {5},
  pages     = {455--471},
  year      = {2008}
}

@article{GiraultRutten09,
  author    = {Alain Girault and {\'{E}}ric Rutten},
  title     = {Automating the addition of fault tolerance with discrete controller synthesis},
  journal   = {Formal Methods in System Design},
  doi       = {10.1007/s10703-009-0084-y},
  volume    = {35},
  number    = {2},
  pages     = {190--225},
  year      = {2009},
}

@article{BloemChatterjeeGreimelHenzingerHofferezJobstmannKonighoferKonighofer14,
  author    = {Roderick Bloem and Krishnendu Chatterjee and Karin Greimel and Thomas A. Henzinger and Georg Hofferek and Barbara Jobstmann and Bettina K{\"{o}}nighofer and Robert K{\"{o}}nighofer},
  title     = {Synthesizing robust systems},
  doi       = {10.1007/s00236-013-0191-5},
  journal   = {Acta Informatica},
  volume    = {51},
  number    = {3-4},
  pages     = {193--220},
  year      = {2014}
}

@inproceedings{BloemChatterjeeHenzingerJobstmann09,
  author    = {Roderick Bloem and Krishnendu Chatterjee and Thomas A. Henzinger and Barbara Jobstmann},
  title     = {Better Quality in Synthesis through Quantitative Objectives},
  doi       = {10.1007/978-3-642-02658-4_14},
  booktitle = {CAV 2009},
  pages     = {140--156},
  year      = {2009},
  editor    = {Ahmed Bouajjani and Oded Maler},
  series    = {LNCS},
  volume    = {5643},
  publisher = {Springer}
}

@article{BloemJobstmannPitermanPnueliSaar12,
  author    = {Roderick Bloem and Barbara Jobstmann and Nir Piterman and Amir Pnueli and Yaniv Sa'ar},
  title     = {Synthesis of {Reactive(1)} designs},
  doi       = {10.1016/j.jcss.2011.08.007},
  journal   = {Journal of Computer and System Sciences},
  volume    = {78},
  number    = {3},
  pages     = {911--938},
  year      = {2012}
}

@article{MajumdarRenderTabuada13,
  author    = {Rupak Majumdar and Elaine Render and Paulo Tabuada},
  title     = {A theory of robust omega-regular software synthesis},
  doi       = {10.1145/2539036.2539044},
  journal   = {{ACM} Transactions on Embedded Computing Systems},
  volume    = {13},
  number    = {3},
  pages     = {48:1--48:27},
  year      = {2013}
}

@article{TabuadaCaliskanRunggerMajumdar14,
  author    = {Paulo Tabuada and Sina Yamac Caliskan and Matthias Rungger and Rupak Majumdar},
  title     = {Towards Robustness for Cyber-Physical Systems},
  doi       = {10.1109/TAC.2014.2351632},
  journal   = {{IEEE} Transactions on Automatic Control},
  volume    = {59},
  number    = {12},
  pages     = {3151--3163},
  year      = {2014}
}

@inproceedings{TabuadaNeider16,
  author    = {Paulo Tabuada and Daniel Neider},
  title     = {Robust Linear Temporal Logic},
  doi       = {10.4230/LIPIcs.CSL.2016.10},
  booktitle = {{CSL} 2016},
  pages     = {10:1--10:21},
  year      = {2016},
  series    = {LIPIcs},
  volume    = {62},
  publisher = {Schloss Dagstuhl - LZI},
}

@article{FinkbeinerSchewe08,
  author    = {Bernd Finkbeiner and Sven Schewe},
  title     = {Bounded synthesis},
  journal   = {{International Journal on Software Tools for Technology Transfer}},
  volume    = {15},
  number    = {5-6},
  pages     = {519--539},
  year      = {2013},
  url       = {https://doi.org/10.1007/s10009-012-0228-z},
  doi       = {10.1007/s10009-012-0228-z}
}

@inproceedings{Pnueli77,
  author    = {Amir Pnueli},
  title     = {The Temporal Logic of Programs},
  booktitle = {FOCS 1977},
  pages     = {46--57},
  year      = {1977},
  url       = {https://doi.org/10.1109/SFCS.1977.32},
  doi       = {10.1109/SFCS.1977.32},
  publisher = {{IEEE} Computer Society}
}

@article{Wilke01,
  title     = {Alternating Tree Automata, Parity Games, and Modal m-Calculus.},
  author    = {Thomas Wilke},
  journal   = {Bulletin of the Belgian Mathematical Society},
  volume    = {8},
  number    = {2},
  pages     = {359},
  year      = {2001},
  publisher = {Societe Mathematique de Belgique}
}

@inproceedings{CarayolHague18,
  author    = {Arnaud Carayol and
               Matthew Hague},
  title     = {Optimal Strategies in Pushdown Reachability Games},
  booktitle = {MFCS 2018},
  pages     = {42:1--42:14},
  editor    = {Igor Potapov and
               Paul G. Spirakis and
               James Worrell},
  series    = {LIPIcs},
  volume    = {117},
  publisher = {{Schloss Dagstuhl - LZI}},
  year      = {2018},
  url       = {https://doi.org/10.4230/LIPIcs.MFCS.2018.42},
  doi       = {10.4230/LIPIcs.MFCS.2018.42},
  timestamp = {Tue, 28 Aug 2018 15:28:12 +0200},
  biburl    = {https://dblp.org/rec/bib/conf/mfcs/CarayolH18},
  bibsource = {dblp computer science bibliography, https://dblp.org}
}

@phdthesis{Fridman13,
  author    = {Wladimir Fridman},
  title     = {A study of pushdown games},
  school    = {{RWTH} Aachen University},
  year      = {2013},
  url       = {http://darwin.bth.rwth-aachen.de/opus3/volltexte/2013/4459},
  urn       = {urn:nbn:de:hbz:82-opus-44595},
  timestamp = {Tue, 19 Apr 2016 15:30:15 +0200},
  biburl    = {https://dblp.org/rec/bib/phd/dnb/Fridman13},
  bibsource = {dblp computer science bibliography, https://dblp.org}
}

@inproceedings{FridmanZimmermann12,
  author    = {Wladimir Fridman and Martin Zimmermann},
  title     = {Playing Pushdown Parity Games in a Hurry},
  booktitle = {GandALF 2012},
  pages     = {183--196},
  year      = {2012},
  editor    = {Marco Faella and
               Aniello Murano},
  series    = {{EPTCS}},
  volume    = {96},
  url       = {https://doi.org/10.4204/EPTCS.96.14},
  doi       = {10.4204/EPTCS.96.14},
  timestamp = {Wed, 12 Sep 2018 01:05:16 +0200},
  biburl    = {https://dblp.org/rec/bib/journals/corr/abs-1210-2458},
  bibsource = {dblp computer science bibliography, https://dblp.org}
}

@article{Walukiewicz01,
  author    = {Igor Walukiewicz},
  title     = {Pushdown Processes: Games and Model-Checking},
  journal   = {Information and Computation},
  volume    = {164},
  number    = {2},
  pages     = {234--263},
  year      = {2001},
  url       = {https://doi.org/10.1006/inco.2000.2894},
  doi       = {10.1006/inco.2000.2894},
  timestamp = {Thu, 18 May 2017 09:54:17 +0200},
  biburl    = {https://dblp.org/rec/bib/journals/iandc/Walukiewicz01},
  bibsource = {dblp computer science bibliography, https://dblp.org}
}

@inproceedings{LodingMadhusudanSerre04,
  author    = {Christof L{\"{o}}ding and
               P. Madhusudan and
               Olivier Serre},
  title     = {Visibly Pushdown Games},
  booktitle = {{FSTTCS} 2004},
  pages     = {408--420},
  editor    = {Kamal Lodaya and
               Meena Mahajan},
  series    = {LNCS},
  volume    = {3328},
  publisher = {Springer},
  year      = {2004},
  url       = {https://doi.org/10.1007/978-3-540-30538-5\_34},
  doi       = {10.1007/978-3-540-30538-5\_34},
  timestamp = {Tue, 30 May 2017 16:36:53 +0200},
  biburl    = {https://dblp.org/rec/bib/conf/fsttcs/LodingMS04},
  bibsource = {dblp computer science bibliography, https://dblp.org}
}
